
%@book{ieee_802.11,
%  Author = {Matthew S. Gast},
%  Title = {802.11 Wireless Networks: The Definitive Guide, Second Edition},
%  Publisher = {O'Reilly Media},
%  Year = {2005},
%  ISBN = {0596100523},
%}
%
%%@manual{AN626,
%	Title = {Packet Handler Operation for Si446x RFICs},
%	organization = {Silicon Laboratories Inc.},
%	Year = {2013},	
%}
%
@ARTICLE{endToEnd, 
	author={Paxson, Vern}, 
	journal={Networking, IEEE/ACM Transactions on}, 
	title={End-to-end routing behavior in the Internet}, 
	year={1997}, 
	month={Oct}, 
	volume={5}, 
	number={5}, 
	pages={601-615}, 
	ISSN={1063-6692}
}
%%@manual{ieee_802.15,
%	Title = {Low-Rate Wireless Personal Area
%Networks (LR-WPANs)},
%	organization = {Institute of Electrical and Electronics Engineers 802.15},
%	Year = {2011},
%	Month = {September},
%}
%
%
%@inbook{tetra,
%	author={Peter Stavroulakis},
%	title={TErrestrial Trunked RAdio - TETRA: A Global Security Tool},
%	chapter={7 TETRA as a Building block to WMNs},
%	publisher={Springer Science \& Business Media},
%	year={2007},
%	isbn={3-540-71192-9}
%}
%

@misc{traceParse,
	title={tracerouteparser.py},
	author={Christian Kreibich},
	url={https://github.com/ckreibich/tracerouteparser.py},
	note={https://github.com/ckreibich/tracerouteparser.py}
}
@misc{paramiko,
	title={Paramiko: A Python implementation of SSHv2},
	author={Jeff Forcier},
	url={http://www.paramiko.org/},
	note={http://www.paramiko.org/}
}

@misc{planetlab,
	title={About PlanetLab},
	author={The Trustees of Princeton University},
	url={https://www.planet-lab.org/about},
	note={https://www.planet-lab.org/about}
}

%%@misc{sdcc,
%	title = {SDCC Compiler User Guide},
%	year={2014},
%	author={Sandeep Dutta},
%	url = {http://sdcc.sourceforge.net/doc/sdccman.pdf},
%	note={http://sdcc.sourceforge.net/doc/sdccman.pdf}
%}
%
%%@misc{TavkReg,
%  author = {Dr Bartolits István},
%  title = {A távközlés regénye},
%  url = {http://w3.tmit.bme.hu/thsz/TavkReg.pdf},
%  howpublished={Webpage},
%  note={http://w3.tmit.bme.hu/thsz/TavkReg.pdf},
%  year = {2005}
%}
